@misc{ASCOM,
      title = {ASCOM - Standars for AStronomy},
      howpublished = {\url{http://www.ascom-standards.org/}},
      note = "Última revisión: 23 de noviembre de 2015",
    }
